[gd_scene load_steps=21 format=2]

[ext_resource path="res://player/Player.gd" type="Script" id=1]
[ext_resource path="res://player/bullet.tscn" type="PackedScene" id=2]
[ext_resource path="res://player/player-death-particles.tscn" type="PackedScene" id=3]
[ext_resource path="res://player/player00.png" type="Texture" id=4]
[ext_resource path="res://player/player12.png" type="Texture" id=5]
[ext_resource path="res://player/player08.png" type="Texture" id=6]
[ext_resource path="res://player/player07.png" type="Texture" id=7]
[ext_resource path="res://player/player14.png" type="Texture" id=8]
[ext_resource path="res://player/player01.png" type="Texture" id=9]
[ext_resource path="res://player/player02.png" type="Texture" id=10]
[ext_resource path="res://player/player03.png" type="Texture" id=11]
[ext_resource path="res://player/player11.png" type="Texture" id=12]
[ext_resource path="res://player/player13.png" type="Texture" id=13]
[ext_resource path="res://player/player09.png" type="Texture" id=14]
[ext_resource path="res://player/player10.png" type="Texture" id=15]
[ext_resource path="res://player/player04.png" type="Texture" id=16]
[ext_resource path="res://player/player05.png" type="Texture" id=17]
[ext_resource path="res://player/player06.png" type="Texture" id=18]

[sub_resource type="SpriteFrames" id=1]
animations = [ {
"frames": [ ExtResource( 4 ), ExtResource( 4 ), ExtResource( 4 ), ExtResource( 4 ), ExtResource( 4 ), ExtResource( 4 ), ExtResource( 4 ), ExtResource( 4 ), ExtResource( 4 ), ExtResource( 4 ), ExtResource( 4 ), ExtResource( 4 ), ExtResource( 5 ), ExtResource( 4 ), ExtResource( 4 ), ExtResource( 4 ), ExtResource( 4 ), ExtResource( 4 ), ExtResource( 4 ), ExtResource( 4 ), ExtResource( 4 ), ExtResource( 4 ), ExtResource( 4 ), ExtResource( 4 ), ExtResource( 4 ) ],
"loop": true,
"name": "idle",
"speed": 12.0
}, {
"frames": [ ExtResource( 8 ) ],
"loop": true,
"name": "fallshoot",
"speed": 5.0
}, {
"frames": [ ExtResource( 16 ), ExtResource( 17 ), ExtResource( 18 ), ExtResource( 17 ) ],
"loop": true,
"name": "runshoot",
"speed": 6.0
}, {
"frames": [ ExtResource( 7 ) ],
"loop": true,
"name": "jump",
"speed": 5.0
}, {
"frames": [ ExtResource( 12 ) ],
"loop": true,
"name": "shoot",
"speed": 5.0
}, {
"frames": [ ExtResource( 14 ), ExtResource( 15 ), null ],
"loop": true,
"name": "hurt",
"speed": 15.0
}, {
"frames": [ ExtResource( 9 ), ExtResource( 10 ), ExtResource( 11 ), ExtResource( 10 ) ],
"loop": true,
"name": "run",
"speed": 6.0
}, {
"frames": [ ExtResource( 13 ) ],
"loop": true,
"name": "jumpshoot",
"speed": 5.0
}, {
"frames": [ ExtResource( 6 ) ],
"loop": true,
"name": "fall",
"speed": 5.0
} ]

[sub_resource type="RectangleShape2D" id=2]
extents = Vector2( 4.5, 6 )

[node name="Player" type="KinematicBody2D"]
script = ExtResource( 1 )
bullet = ExtResource( 2 )
deathExplosion = ExtResource( 3 )

[node name="AnimatedSprite" type="AnimatedSprite" parent="."]
position = Vector2( -1, 0 )
frames = SubResource( 1 )
animation = "idle"
frame = 22
playing = true

[node name="CollisionShape2D" type="CollisionShape2D" parent="."]
position = Vector2( 0, 1 )
shape = SubResource( 2 )

[node name="Camera2D" type="Camera2D" parent="."]
current = true
limit_smoothed = true
drag_margin_h_enabled = true
drag_margin_v_enabled = true
drag_margin_left = 0.0
drag_margin_top = 0.0
drag_margin_right = 0.0
drag_margin_bottom = 0.0
editor_draw_limits = true

[node name="Tween" type="Tween" parent="Camera2D"]

[node name="ShootPoint" type="Node2D" parent="."]
position = Vector2( 9, 0 )
